@online{nseindia,
author = {},
title = {Bajaj Finserv Limited Share Price Today, Stock Price, Live NSE News, Quotes, Tips – NSE India},
year = {2023},
url = {https://www.nseindia.com/get-quotes/equity?symbol=BAJAJFINSV}
}

@article{fbprophetpaper,
    author = {Taylor SJ, Letham B.},
    title = {Forecasting at scale},
    journal = {PeerJ Preprints 5:e3190v2},
    year = {2017},
    url = {https://doi.org/10.7287/peerj.preprints.3190v2}
}

@online{xgboost,
author = {},
title = {XGBoost Documentation — xgboost 1.7.6 documentation},
year = {2022},
url = {https://xgboost.readthedocs.io/en/stable/}
}

@online{fbprophet,
author = {},
title = {Quick Start | Prophet},
year = {2023},
url = {https://facebook.github.io/prophet/docs/quick_start.html}
}